<?xml version="1.0" encoding="UTF-8"?><record xmlns="http://www.loc.gov/MARC21/slim" xmlns:cinclude="http://apache.org/cocoon/include/1.0" xmlns:zs="http://www.loc.gov/zing/srw/">
  <leader>00327cz  a2200121n  4500</leader>
  <controlfield tag="001">n  90647407 </controlfield>
  <controlfield tag="003">DLC</controlfield>
  <controlfield tag="005">19900524130444.2</controlfield>
  <controlfield tag="008">900521n| acannaab|          |n aaa |||  </controlfield>
  <datafield tag="010" ind1=" " ind2=" ">
    <subfield code="a">n  90647407 </subfield>
  </datafield>
  <datafield tag="040" ind1=" " ind2=" ">
    <subfield code="a">DLC</subfield>
    <subfield code="c">DLC</subfield>
    <subfield code="d">DLC</subfield>
  </datafield>
  <datafield tag="100" ind1="1" ind2="0">
    <subfield code="a">Laubach, Edwin G.</subfield>
  </datafield>
  <datafield tag="670" ind1=" " ind2=" ">
    <subfield code="a">His Networking with Banyan VINES, 1990:</subfield>
    <subfield code="b">CIP t.p. (Edwin G. Laubach)</subfield>
  </datafield>
</record>